<?xml version="1.0" encoding="UTF-8"?><record xmlns="http://www.loc.gov/MARC21/slim" xmlns:cinclude="http://apache.org/cocoon/include/1.0" xmlns:zs="http://www.loc.gov/zing/srw/">
  <leader>00440nz  a2200145n  4500</leader>
  <controlfield tag="001">no2004001340</controlfield>
  <controlfield tag="003">DLC</controlfield>
  <controlfield tag="005">20040108071123.0</controlfield>
  <controlfield tag="008">040107n| acannaab           |a aaa     c</controlfield>
  <datafield tag="010" ind1=" " ind2=" ">
    <subfield code="a">no2004001340</subfield>
  </datafield>
  <datafield tag="035" ind1=" " ind2=" ">
    <subfield code="a">(OCoLC)oca06241118</subfield>
  </datafield>
  <datafield tag="040" ind1=" " ind2=" ">
    <subfield code="a">NjP</subfield>
    <subfield code="b">eng</subfield>
    <subfield code="c">NjP</subfield>
  </datafield>
  <datafield tag="100" ind1="1" ind2=" ">
    <subfield code="a">Lindsay, K. M.</subfield>
  </datafield>
  <datafield tag="400" ind1="1" ind2=" ">
    <subfield code="a">Lindsay, Kate M.</subfield>
  </datafield>
  <datafield tag="670" ind1=" " ind2=" ">
    <subfield code="a">Review of environmental assessment processes, 2001:</subfield>
    <subfield code="b">t.p. (Kate M. Lindsay, M.Sc., R.P.F.) Can. CIP (Lindsay, K. M.)</subfield>
  </datafield>
</record>